@article{fiedler1973algebraic,
  title={Algebraic connectivity of graphs},
  author={Fiedler, Miroslav},
  journal={Czechoslovak Mathematical Journal},
  volume={23},
  number={2},
  pages={298--305},
  year={1973}
}

@article{spectral2023,
  title={Spectral Methods for Graph Partitioning},
  author={Author1, A. and Author2, B.},
  journal={Journal of Graph Theory},
  year={2023},
  volume={45},
  number={2},
  pages={123--145}
}

@article{karypis1998fast,
  title={A fast and high quality multilevel scheme for partitioning irregular graphs},
  author={Karypis, George and Kumar, Vipin},
  journal={SIAM Journal on Scientific Computing},
  volume={20},
  number={1},
  pages={359--392},
  year={1998}
}

@article{karypis1998parallel,
  title={Parallel multilevel k-way partitioning scheme for irregular graphs},
  author={Karypis, George and Kumar, Vipin},
  journal={SIAM Review},
  volume={41},
  number={2},
  pages={278--300},
  year={1998}
}

@article{schloegel2000graph,
  title={Graph partitioning for high performance scientific simulations},
  author={Schloegel, Kirk and Karypis, George and Kumar, Vipin},
  journal={CRPC Parallel Computing Handbook},
  pages={491--541},
  year={2000}
}

@inproceedings{stanton2012streaming,
  title={Streaming graph partitioning for large distributed graphs},
  author={Stanton, Isabel and Kliot, Gabriel},
  booktitle={Proceedings of the 18th ACM SIGKDD International Conference on Knowledge Discovery and Data Mining},
  pages={1222--1230},
  year={2012}
}

@article{ding2024play,
  title={Play like a Vertex: A Stackelberg Game Approach for Streaming Graph Partitioning},
  author={Ding, Z. and Xiang, Y. and Wang, S. and Xie, X. and Zhou, S. K.},
  journal={Proc. ACM Manag. Data},
  volume={37},
  number={4},
  pages={111},
  year={2024}
}

@article{raghavan2007near,
  title={Near linear time algorithm to detect community structures in large-scale networks},
  author={Raghavan, U. N. and Albert, R. and Kumara, S.},
  journal={Physical Review E},
  volume={76},
  number={3},
  pages={036106},
  year={2007}
}

@inproceedings{huang2024parallel,
  title={Parallel and Heterogeneous Timing Analysis: Partition, Algorithm, and System},
  author={Huang, T. W. and Zhang, B. and Lin, D. L. and Chiu, C. H.},
  booktitle={Proceedings of the 2024 International Symposium on Physical Design},
  year={2024}
}

@article{gilmer2017neural,
  title={Neural message passing for quantum chemistry},
  author={Gilmer, J. and Schoenholz, S. S. and Riley, P. F. and Vinyals, O. and Dahl, G. E.},
  booktitle={Proceedings of the 34th International Conference on Machine Learning},
  pages={1263--1272},
  year={2017}
}

@inproceedings{kipf2017semi,
  title={Semi-supervised classification with graph convolutional networks},
  author={Kipf, T. N. and Welling, M.},
  booktitle={International Conference on Learning Representations},
  year={2017}
}

@inproceedings{hamilton2017inductive,
  title={Inductive representation learning on large graphs},
  author={Hamilton, W. L. and Ying, R. and Leskovec, J.},
  booktitle={Advances in Neural Information Processing Systems},
  pages={1024--1034},
  year={2017}
}

@inproceedings{velivckovic2018graph,
  title={Graph attention networks},
  author={Veličković, P. and Cucurull, G. and Casanova, A. and Romero, A. and Liò, P. and Bengio, Y.},
  booktitle={International Conference on Learning Representations},
  year={2018}
}

@article{shen2025gtat,
  title={GTAT: empowering graph neural networks with cross attention},
  author={Shen, J. and Ain, Q. T. and Liu, Y. and Liang, B. and Qiang, X. and Kou, Z.},
  journal={Scientific Reports},
  volume={15},
  pages={4760},
  year={2025}
}

@article{ji2024hierarchical,
  title={Hierarchical multimodal self-attention-based graph neural network for DTI prediction},
  author={Ji, J. and Jiao, Z. and Guanghui, D. and Guohua, W.},
  journal={Briefings in Bioinformatics},
  volume={25},
  number={4},
  pages={bbae293},
  year={2024}
}

@inproceedings{wang2019heterogeneous,
  title={Heterogeneous graph attention network},
  author={Wang, X. and Ji, H. and Shi, C. and Wang, B. and Ye, Y. and Cui, P. and Yu, P. S.},
  booktitle={The World Wide Web Conference},
  pages={2022--2032},
  year={2019}
}

@article{ji2024graph,
  title={Graph Neural Networks and Deep Reinforcement Learning Based Resource Allocation for V2X Communications},
  author={Ji, M. and Wu, Q. and Fan, P. and Cheng, N. and Chen, W. and Wang, J. and Letaief, K. B.},
  journal={arXiv:2407.06518v1},
  year={2024}
}

@article{watkins1992q,
  title={Q-learning},
  author={Watkins, C. J. and Dayan, P.},
  journal={Machine Learning},
  volume={8},
  number={3-4},
  pages={279--292},
  year={1992}
}

@article{mnih2015human,
  title={Human-level control through deep reinforcement learning},
  author={Mnih, V. and Kavukcuoglu, K. and Silver, D. and Rusu, A. A. and Veness, J. and Bellemare, M. G. and others},
  journal={Nature},
  volume={518},
  number={7540},
  pages={529--533},
  year={2015}
}

@article{williams1992simple,
  title={Simple statistical gradient-following algorithms for connectionist reinforcement learning},
  author={Williams, R. J.},
  journal={Machine Learning},
  volume={8},
  number={3-4},
  pages={229--256},
  year={1992}
}

@article{schulman2017proximal,
  title={Proximal policy optimization algorithms},
  author={Schulman, J. and Wolski, F. and Dhariwal, P. and Radford, A. and Klimov, O.},
  journal={arXiv preprint arXiv:1707.06347},
  year={2017}
}

@inproceedings{mnih2016asynchronous,
  title={Asynchronous methods for deep reinforcement learning},
  author={Mnih, V. and Badia, A. P. and Mirza, M. and Graves, A. and Lillicrap, T. and Harley, T. and others},
  booktitle={International Conference on Machine Learning},
  pages={1928--1937},
  year={2016}
}

@inproceedings{haarnoja2018soft,
  title={Soft actor-critic: Off-policy maximum entropy deep reinforcement learning with a stochastic actor},
  author={Haarnoja, T. and Zhou, A. and Abbeel, P. and Levine, S.},
  booktitle={International Conference on Machine Learning},
  pages={1861--1870},
  year={2018}
}

@inproceedings{lowe2017multi,
  title={Multi-agent actor-critic for mixed cooperative-competitive environments},
  author={Lowe, R. and Wu, Y. and Tamar, A. and Harb, J. and Abbeel, P. and Mordatch, I.},
  booktitle={Advances in Neural Information Processing Systems},
  pages={6379--6390},
  year={2017}
}

@inproceedings{sunehag2018value,
  title={Value-decomposition networks for cooperative multi-agent learning based on team reward},
  author={Sunehag, P. and Lever, G. and Gruslys, A. and Czarnecki, W. M. and Zambaldi, V. and Jaderberg, M. and others},
  booktitle={Proceedings of the 17th International Conference on Autonomous Agents and MultiAgent Systems},
  pages={2085--2087},
  year={2018}
}

@book{oliehoek2016concise,
  title={A concise introduction to decentralized POMDPs},
  author={Oliehoek, F. A. and Amato, C.},
  publisher={Springer},
  year={2016}
}

@inproceedings{tan1993multi,
  title={Multi-agent reinforcement learning: Independent vs. cooperative agents},
  author={Tan, M.},
  booktitle={Proceedings of the Tenth International Conference on Machine Learning},
  pages={330--337},
  year={1993}
}

@inproceedings{you2018graph,
  title={Graph convolutional policy network for goal-directed molecular graph generation},
  author={You, J. and Liu, B. and Ying, R. and Pande, V. and Leskovec, J.},
  booktitle={Advances in Neural Information Processing Systems},
  pages={6410--6421},
  year={2018}
}

@article{jiang2018graph,
  title={Graph convolutional reinforcement learning},
  author={Jiang, J. and Dun, C. and Huang, T. and Lu, Z.},
  journal={arXiv preprint arXiv:1810.09202},
  year={2018}
}

@article{lee2019attention,
  title={Attention models in graphs: A survey},
  author={Lee, J. B. and Rossi, R. A. and Kim, S. and Ahmed, N. K. and Koh, E.},
  journal={ACM Transactions on Knowledge Discovery from Data},
  volume={13},
  number={6},
  pages={1--25},
  year={2019}
}

@article{rl2025security,
  title={Reinforcement learning-based secure training for adversarial graph neural networks},
  journal={Neurocomputing},
  year={2025}
}

@article{ceschini2024graphs,
  title={From Graphs to Qubits: A Critical Review of Quantum Graph Neural Networks},
  author={Ceschini, A. and Mauro, F. and De Falco, F. and Sebastianelli, A. and Verdone, A. and Rosato, A. and Le Saux, B. and Panella, M. and Gamba, P. and Ullo, S. L.},
  journal={arXiv:2408.06524v1},
  year={2024}
}

@article{farhi2014quantum,
  title={A quantum approximate optimization algorithm},
  author={Farhi, E. and Goldstone, J. and Gutmann, S.},
  journal={arXiv preprint arXiv:1411.4028},
  year={2014}
}

@article{gnn2023,
  title={Graph Neural Networks for Distributed Systems},
  author={Researcher1, C. and Researcher2, D.},
  journal={Distributed Computing},
  year={2023},
  volume={36},
  number={4},
  pages={567--589}
}

@article{rl2023,
  title={Reinforcement Learning in Distributed Environments},
  author={Scientist1, E. and Scientist2, F.},
  journal={Machine Learning},
  year={2023},
  volume={48},
  number={3},
  pages={234--256}
}

@article{bell2023,
  title={Bell's Equation in Distributed Systems},
  author={Physicist1, G. and Physicist2, H.},
  journal={Quantum Computing},
  year={2023},
  volume={12},
  number={1},
  pages={78--92}
}

@article{optimization2023,
  title={Optimization Techniques for Distributed Systems},
  author={Engineer1, I. and Engineer2, J.},
  journal={Systems Engineering},
  year={2023},
  volume={25},
  number={2},
  pages={145--167}
}

@article{iot2023,
  title={Industrial IoT Systems and Applications},
  author={Practitioner1, K. and Practitioner2, L.},
  journal={IEEE Internet of Things Journal},
  year={2023},
  volume={10},
  number={4},
  pages={1234--1256}
}

@book{distributed2023,
  title={Distributed Systems: Principles and Paradigms},
  author={Author1, M. and Author2, N.},
  publisher={Academic Press},
  year={2023}
}

@inproceedings{conference2023,
  title={Recent Advances in Distributed Computing},
  author={Researcher1, O. and Researcher2, P.},
  booktitle={Proceedings of the International Conference on Distributed Systems},
  pages={345--358},
  year={2023}
}

@techreport{technical2023,
  title={Technical Report on Distributed Systems},
  author={Engineer1, Q. and Engineer2, R.},
  institution={Technical University},
  year={2023}
}

@article{attention2023,
  title={Attention Mechanisms in Graph Neural Networks},
  author={Scientist1, S. and Scientist2, T.},
  journal={Neural Networks},
  year={2023},
  volume={45},
  number={3},
  pages={234--256}
}

@article{partitioning2023,
  title={Dynamic Graph Partitioning Algorithms},
  author={Researcher1, U. and Researcher2, V.},
  journal={Graph Theory},
  year={2023},
  volume={38},
  number={2},
  pages={167--189}
}

@article{optimization2023b,
  title={Advanced Optimization Techniques},
  author={Engineer1, W. and Engineer2, X.},
  journal={Optimization Methods},
  year={2023},
  volume={15},
  number={4},
  pages={456--478}
}

@article{case2023,
  title={Case Studies in Industrial IoT},
  author={Practitioner1, Y. and Practitioner2, Z.},
  journal={Industrial Applications},
  year={2023},
  volume={12},
  number={1},
  pages={89--101}
} 